@Unpublished{mthesis,
  author = 		 {Alina - Elena Marcu},
  title = 		 {A Local - Global Approach to Semantic Segmentation in Aerial Images},
  year = 	 2016,
  organization = {University “Politehnica” of Bucharest},
  note = {Master Thesis}
}

@Inbook{Mnih2010,
author="Mnih, Volodymyr
and Hinton, Geoffrey E.",
editor="Daniilidis, Kostas
and Maragos, Petros
and Paragios, Nikos",
title="Learning to Detect Roads in High-Resolution Aerial Images",
bookTitle="Computer Vision -- ECCV 2010: 11th European Conference on Computer Vision, Heraklion, Crete, Greece, September 5-11, 2010, Proceedings, Part VI",
year="2010",
publisher="Springer Berlin Heidelberg",
address="Berlin, Heidelberg",
pages="210--223",
isbn="978-3-642-15567-3",
doi="10.1007/978-3-642-15567-3_16",
url="http://dx.doi.org/10.1007/978-3-642-15567-3_16"
}

@article{adam,
  author    = {Diederik P. Kingma and
               Jimmy Ba},
  title     = {Adam: {A} Method for Stochastic Optimization},
  journal   = {CoRR},
  volume    = {abs/1412.6980},
  year      = {2014},
  url       = {http://arxiv.org/abs/1412.6980},
  timestamp = {Thu, 01 Jan 2015 19:51:08 +0100},
  biburl    = {http://dblp.uni-trier.de/rec/bib/journals/corr/KingmaB14},
  bibsource = {dblp computer science bibliography, http://dblp.org}
}

